"Booked date","Interest date","Text","Number","Amount in GBP","Booked balance in GBP","Status","Bank's archive reference"
"06/03/2013","06/03/2013","CH 200083","","-405.66","1238.66","Completed","950009    200000"
"06/03/2013","06/04/2013","MTL NI EAST LTD","","500.00","1738.66","Completed","34AS"
"06/04/2013","06/04/2013","CH 200084","","-554.64","1184.02","Completed","950009    300000"
"06/05/2013","06/05/2013","CH 200082","","-633.07","550.95","Completed","950009    902215"
"06/05/2013","06/07/2013","BGC 377849         UKchq","","500.00","1050.95","Completed","31CW      7797800459"
"06/06/2013","06/06/2013","PEC 0035 MCGUIGAN N5 TBO SUBS","","-118.80","932.15","Completed","427538    0F876698"
"06/10/2013","06/10/2013","MJ 98149010166013","","-181.28","750.87","Completed","950679    10166013"
"06/11/2013","06/11/2013","Www.Flyb","","-161.96","588.91","Completed","3970      2765714427"
"06/12/2013","06/12/2013","Capital One Europe","","-60.00","528.91","Completed","3970      2769147667"
"06/12/2013","06/12/2013","Www.Hxpayments.Com","","-12.09","516.82","Completed","3970      2769018253"
"06/12/2013","06/14/2013","BGC 377850         UKchq","","768.00","1284.82","Completed","31CW      7797800456"
"06/13/2013","06/13/2013","CH 200085","","-90.00","1194.82","Completed","950009    900000"
"06/14/2013","06/14/2013","SC 95039240109797","","-300.00","894.82","Completed","31AQ      5813304374"
"06/17/2013","06/17/2013","SC SEAN CAUGHEY","","1000.00","1894.82","Completed","31NB      163L316819"
"06/19/2013","06/19/2013","REFUND EC N5 MY MAG MAIN","","1360.80","3255.62","Completed","406277    08DD0A55"
"06/19/2013","06/21/2013","BGC 377851         UKchq","","600.00","3855.62","Completed","31CW      7797800713"
"06/19/2013","06/19/2013","65992 N I HOUSING EXEC","","319.56","4175.18","Completed","31EC      5815104620"
"06/20/2013","06/20/2013","M-T-L 95044030046019","","-10.00","4165.18","Completed","31AQ      5815757799"
"06/21/2013","06/21/2013","ATM Ra Ffood18 Church St 90995229-779212","","-100.00","4065.18","Completed","3970      2788493837"
"06/21/2013","06/21/2013","SC 95039240109797","","-500.00","3565.18","Completed","31AQ      5816347613"
"06/24/2013","06/24/2013","MTL NI EAST LTD","","600.00","4165.18","Completed","34AS"
"06/24/2013","06/24/2013","MTL NI EAST LTD","","180.00","4345.18","Completed","34AS"
"06/25/2013","06/25/2013","ATM Ra Ffood18 Church St 90995229-956037","","-200.00","4145.18","Completed","3970      2795313175"
"06/25/2013","06/25/2013","SC SEAN CAUGHEY","","500.00","4645.18","Completed","31NB      087L317697"
"06/27/2013","07/01/2013","BGC 377852         UKchq","","492.00","5137.18","Completed","31CW      7798100354"
"06/28/2013","06/28/2013","Fees according to advice","","-29.90","5107.28","Completed","31AQ      0900043486"
"06/28/2013","06/28/2013","RT007616 TSI IRELAND LTD","","-7.68","5099.60","Completed","964633    0FC32CCD"
"06/28/2013","06/28/2013","ATM Ra Ffood18 Church St 90995229-944987","","-250.00","4849.60","Completed","3970      2802323295"
"06/28/2013","06/28/2013","Silverstream Service S","","-77.61","4771.99","Completed","3970      2800126847"
"06/28/2013","06/28/2013","NP 95044020035394","","-325.00","4446.99","Completed","31AQ      5823519185"
"07/01/2013","07/01/2013","The Martello Hotel","","-62.92","4384.07","Completed","3970      2805106661"
"07/02/2013","07/02/2013","ATM Ra Ffood18 Church St 90995229-602394","","-200.00","4184.07","Completed","3970      2811250897"
"07/04/2013","07/04/2013","CH 200087","","-554.64","3629.43","Completed","950009    200000"
"07/04/2013","07/04/2013","CH 200088","","-554.64","3074.79","Completed","950009    300000"
"07/05/2013","07/05/2013","PEC 0035 MCGUIGAN N5 TBO SUBS","","-118.80","2955.99","Completed","427538    0A8DBCA0"
"07/08/2013","07/08/2013","MJ 98149010166013","","-181.28","2774.71","Completed","950679    10166013"
"07/08/2013","07/08/2013","D.V.L.N.I","","-123.75","2650.96","Completed","3970      2820103779"
"07/09/2013","07/09/2013","CH 200086","","-633.07","2017.89","Completed","950009    902215"
"07/09/2013","07/11/2013","BGC 377853         UKchq","","1020.00","3037.89","Completed","31CW      7798701504"
"07/11/2013","07/11/2013","Capital One Europe","","-60.00","2977.89","Completed","3970      2826778021"
"07/15/2013","07/15/2013","D V T A","","-30.50","2947.39","Completed","3970      2829747113"
"07/15/2013","07/17/2013","BGC 377854         UKchq","","696.00","3643.39","Completed","31CW      7797700692"
"07/16/2013","07/16/2013","ATM The Burren Fs D626    -148687","","-150.00","3493.39","Completed","3970      2839257649"
"07/17/2013","07/17/2013","65992 NIHE","","312.56","3805.95","Completed","961479    0397F154"
"07/18/2013","07/18/2013","MTL NI EAST LTD","","600.00","4405.95","Completed","34AS"
"07/18/2013","07/18/2013","MTL NI EAST LTD","","500.00","4905.95","Completed","34AS"
"07/23/2013","07/23/2013","ATM Ra Ffood18 Church St 90995229-012747","","-200.00","4705.95","Completed","3970      2852013297"
"07/24/2013","07/26/2013","BGC 377855         UKchq","","600.00","5305.95","Completed","31CW      7798700622"
"07/25/2013","07/25/2013","ATM Ra Ffood18 Church St 90995229-992794","","-200.00","5105.95","Completed","3970      2855755681"
"07/26/2013","07/26/2013","MTL NI EAST LTD","","180.00","5285.95","Completed","34AS"
"07/26/2013","07/26/2013","M-T-L 95044030046019","","-20.00","5265.95","Completed","31AQ      5837881591"
"07/30/2013","07/30/2013","RT007616 TSI IRELAND LTD","","-9.12","5256.83","Completed","964633    0D9D3299"
"07/30/2013","07/30/2013","ATM Ra Ffood18 Church St 90995229-384756","","-160.00","5096.83","Completed","3970      2865657349"
"07/30/2013","07/30/2013","Omeath Service Station","","-41.71","5055.12","Completed","3970      2864152493"
"07/31/2013","07/31/2013","Fees according to advice","","-28.20","5026.92","Completed","31AQ      0900072411"
"07/31/2013","07/31/2013","64474263 CLOSE-DIGNEY GRA","","-32.68","4994.24","Completed","807324    0F7E31C8"
"07/31/2013","07/31/2013","NP 95044020035394","","-325.00","4669.24","Completed","31AQ      5841496604"
"08/02/2013","08/02/2013","Debenhams","","-46.00","4623.24","Completed","3970      2870704501"
"08/05/2013","08/05/2013","CH 200090","","-554.64","4068.60","Completed","950009    200000"
"08/05/2013","08/07/2013","BGC 377856         UKchq","","984.00","5052.60","Completed","36AT      7553800549"
"08/06/2013","08/06/2013","CH 200091","","-554.64","4497.96","Completed","950009    300000"
"08/06/2013","08/06/2013","ATM Ra Ffood18 Church St 90995229-314935","","-200.00","4297.96","Completed","3970      2880448163"
"08/07/2013","08/07/2013","PEC 0035 MCGUIGAN N5 TBO SUBS","","-118.80","4179.16","Completed","427538    0933963D"
"08/08/2013","08/08/2013","CH 200089","","-633.07","3546.09","Completed","950009    902215"
"08/08/2013","08/08/2013","MJ 98149010166013","","-181.28","3364.81","Completed","950679    10166013"
"08/08/2013","08/12/2013","BGC 377857         UKchq","","720.00","4084.81","Completed","36AT      7553800088"
"08/12/2013","08/12/2013","Capital One Europe","","-200.00","3884.81","Completed","3970      2888126323"
"08/14/2013","08/14/2013","65992 NIHE","","305.56","4190.37","Completed","961479    0D62BD66"
"08/15/2013","08/15/2013","DBT.M-T-L Ire Dublin","","-233.00","3957.37","Completed","36AT"
"08/16/2013","08/16/2013","Southern Regional Coll","","-82.00","3875.37","Completed","3970      2897307783"
"08/19/2013","08/19/2013","ATM The Burren Fs D626    -986456","","-200.00","3675.37","Completed","3970      2904769335"
"08/21/2013","08/21/2013","MTL NI EAST LTD","","600.00","4275.37","Completed","34AS"
"08/21/2013","08/21/2013","MTL NI EAST LTD","","180.00","4455.37","Completed","34AS"
"08/22/2013","08/22/2013","ATM Ra Ffood18 Church St 90995229-503364","","-250.00","4205.37","Completed","3970      2911629881"
"08/22/2013","08/22/2013","ATM Ra Ffood18 Church St 90995229-508805","","-100.00","4105.37","Completed","3970      2911630683"
"08/22/2013","08/22/2013","Vanquis","","-750.00","3355.37","Completed","3970      2908745585"
"08/23/2013","08/23/2013","MTL NI EAST LTD","","500.00","3855.37","Completed","34AS"
"08/27/2013","08/27/2013","64474263 CLOSE-DIGNEY GRA","","-32.64","3822.73","Completed","807324    07C95E0A"
"08/28/2013","08/28/2013","RT007616 TSI IRELAND LTD","","-11.40","3811.33","Completed","964633    08CA5073"
"08/28/2013","08/28/2013","Bank Of Ireland Atm Galw","","-176.95","3634.38","Completed","3970      2916424803"
"08/28/2013","08/30/2013","BGC 377858         UKchq","","600.00","4234.38","Completed","36AT      7553800240"
"08/29/2013","08/29/2013","ATM Ra Ffood18 Church St 90995229-020186","","-190.00","4044.38","Completed","3970      2923728971"
"08/30/2013","08/30/2013","Fees according to advice","","-28.95","4015.43","Completed","31AQ      0900041581"
"08/30/2013","08/30/2013","NP 95044020035394","","-325.00","3690.43","Completed","31AQ      5857654375"
"09/02/2013","09/02/2013","D V T A","","-30.50","3659.93","Completed","3970      2928189791"
"09/04/2013","09/04/2013","CH 200093","","-107.70","3552.23","Completed","950009    200000"
"09/05/2013","09/05/2013","CH 200092","","-633.07","2919.16","Completed","950009    902215"
"09/05/2013","09/05/2013","PEC 0035 MCGUIGAN N5 TBO SUBS","","-118.80","2800.36","Completed","427538    03D3EF53"
"09/05/2013","09/06/2013","JMC 95044003819434","","-500.00","2300.36","Completed","31AQ      5860215987"
"09/06/2013","09/06/2013","CH 200094","","-554.64","1745.72","Completed","950009    300000"
"09/09/2013","09/09/2013","MJ 98149010166013","","-181.28","1564.44","Completed","950679    10166013"
"09/09/2013","09/11/2013","BGC 377859         UKchq","","828.00","2392.44","Completed","31CW      7799101111"
"09/10/2013","09/10/2013","Capital One Europe","","-200.00","2192.44","Completed","3970      2948294407"
"09/11/2013","09/11/2013","65992 NIHE","","305.56","2498.00","Completed","961479    07E302BB"
"09/19/2013","09/19/2013","MTL NI EAST LTD","","600.00","3098.00","Completed","34AS"
"09/19/2013","09/19/2013","MTL NI EAST LTD","","500.00","3598.00","Completed","34AS"
"09/19/2013","09/19/2013","NP 95044020035394","","-325.00","3273.00","Completed","31AQ      5866043171"
"09/19/2013","09/19/2013","M-T-L 95044030046019","","-20.00","3253.00","Completed","31AQ      5866060385"
"09/20/2013","09/20/2013","ATM Ra Ffood18 Church St 90995229-724185","","-100.00","3153.00","Completed","3970      2968225681"
"09/20/2013","09/20/2013","CH 200095","","-100.00","3053.00","Completed","31CW      7797800739"
"09/20/2013","09/20/2013","MTL NI EAST LTD","","160.00","3213.00","Completed","34AS"
"09/20/2013","09/20/2013","MTL NI EAST LTD","","20.00","3233.00","Completed","34AS"
"09/25/2013","09/25/2013","City Tyres","","-100.00","3133.00","Completed","3970      2975546397"
"09/26/2013","09/26/2013","BOI Ra Ffood18 Church St 90995229-078809","","-100.00","3033.00","Completed","3970      2979344039"
"09/26/2013","09/26/2013","Omeath Service Station","","-60.68","2972.32","Completed","3970      2977388021"
"09/26/2013","09/30/2013","BGC 377860         UKchq","","624.00","3596.32","Completed","31CW      7799100637"
"09/27/2013","09/27/2013","RT007616 TSI IRELAND LTD","","-12.95","3583.37","Completed","964633    04589F22"
"09/27/2013","09/27/2013","64474263 CLOSE-DIGNEY GRA","","-32.68","3550.69","Completed","807324    054291D2"
"09/30/2013","09/30/2013","Fees according to advice","","-25.95","3524.74","Completed","31AQ      0900039603"
"09/30/2013","09/30/2013","BOI Ra Ffood18 Church St 90995229-562729","","-250.00","3274.74","Completed","3970      2985471553"
"09/30/2013","09/30/2013","BOI Ra Ffood18 Church St 90995229-578681","","-100.00","3174.74","Completed","3970      2985473795"
"10/01/2013","10/01/2013","BOI Ra Ffood18 Church St 90995229-824592","","-200.00","2974.74","Completed","3970      2989551979"
"10/01/2013","10/01/2013","Modern Tyre Service","","-35.00","2939.74","Completed","3970      2986225093"
"10/03/2013","10/03/2013","Lo Lo Fuels And Agri S","","-400.00","2539.74","Completed","3970      2991543621"
"10/07/2013","10/07/2013","CH 200099","","-405.66","2134.08","Completed","950009    200000"
"10/07/2013","10/07/2013","Vanquis","","-150.00","1984.08","Completed","3970      2996588003"
"10/07/2013","10/07/2013","MTL NI EAST LTD","","600.00","2584.08","Completed","34AS"
"10/07/2013","10/07/2013","MTL NI EAST LTD","","500.00","3084.08","Completed","34AS"
"10/07/2013","10/07/2013","MTL NI EAST LTD","","180.00","3264.08","Completed","34AS"
"10/08/2013","10/08/2013","CH 200098","","-554.64","2709.44","Completed","950009    300000"
"10/08/2013","10/08/2013","MJ 98149010166013","","-181.28","2528.16","Completed","950679    10166013"
"10/09/2013","10/09/2013","CH 200096","","-633.07","1895.09","Completed","950009    902215"
"10/09/2013","10/09/2013","65992 NIHE","","305.56","2200.65","Completed","961479    02E04F43"
"10/09/2013","10/09/2013","Capital One Europe","","-200.00","2000.65","Completed","3970      3005211817"
"10/10/2013","10/14/2013","BGC 377861         UKchq","","624.00","2624.65","Completed","31CW      7798700627"
"10/10/2013","10/10/2013","CH 200100","","-113.02","2511.63","Completed","36AK      6163400188"
"10/15/2013","10/15/2013","BOI Ra Ffood18 Church St 90995229-469560","","-200.00","2311.63","Completed","3970      3020079801"
"10/15/2013","10/15/2013","DBT.M-T-L Ire Dublin","","-186.96","2124.67","Completed","36AT"
"10/16/2013","10/16/2013","SC 95039240109797","","-1000.00","1124.67","Completed","31AQ      5883010012"
"10/17/2013","10/21/2013","BGC 377862         UKchq","","732.00","1856.67","Completed","31CW      7799100390"
"10/18/2013","10/18/2013","BOI Ra Ffood18 Church St 90995229-136060","","-250.00","1606.67","Completed","3970      3028739053"
"10/18/2013","10/18/2013","BOI Ra Ffood18 Church St 90995229-141744","","-100.00","1506.67","Completed","3970      3028739751"
"10/18/2013","10/18/2013","Vanquis","","-250.00","1256.67","Completed","3970      3029891709"
"10/18/2013","10/18/2013","SC SEAN CAUGHEY","","1000.00","2256.67","Completed","31NB      410Q329162"
"10/22/2013","10/22/2013","BOI Ra Ffood18 Church St 90995229-692629","","-250.00","2006.67","Completed","3970      3038935429"
"10/23/2013","10/23/2013","BOI Ra Ffood18 Church St 90995229-013508","","-100.00","1906.67","Completed","3970      3039962165"
"10/23/2013","10/25/2013","BGC 377863         UKchq","","792.00","2698.67","Completed","31CW      7797800731"
"10/25/2013","10/25/2013","Capital One Europe","","-200.00","2498.67","Completed","3970      3042535409"
"10/28/2013","10/28/2013","RT007616 TSI IRELAND LTD","","-12.85","2485.82","Completed","964633    0080C585"
"10/28/2013","10/28/2013","64474263 CLOSE-DIGNEY GRA","","-32.68","2453.14","Completed","807324    0239F56D"
"10/28/2013","10/30/2013","BGC 377864         UKchq","","504.00","2957.14","Completed","31CW      7798600777"
"10/28/2013","10/28/2013","Omeath Service Station","","-76.27","2880.87","Completed","3970      3046615383"
"10/31/2013","10/31/2013","Fees according to advice","","-26.40","2854.47","Completed","31AQ      0900119623"
"10/31/2013","10/31/2013","NP 95044020035394","","-215.00","2639.47","Completed","31AQ      5893533200"
"11/06/2013","11/06/2013","CH 200102","","-405.66","2233.81","Completed","950009    200000"
"11/06/2013","11/06/2013","65992 NIHE","","305.56","2539.37","Completed","961479    0D5785FF"
"11/07/2013","11/07/2013","CH 200105","","-554.64","1984.73","Completed","950009    300000"
"11/08/2013","11/08/2013","MJ 98149010166013","","-181.28","1803.45","Completed","950679    10166013"
"11/08/2013","11/08/2013","MTL NI EAST LTD","","600.00","2403.45","Completed","34AS"
"11/08/2013","11/08/2013","MTL NI EAST LTD","","500.00","2903.45","Completed","34AS"
"11/11/2013","11/11/2013","MTL NI EAST LTD","","180.00","3083.45","Completed","34AS"
"11/11/2013","11/11/2013","SC 95039240109797","","-500.00","2583.45","Completed","31AQ      5898166350"
"11/13/2013","11/13/2013","CH 200104","","-633.07","1950.38","Completed","950009    902215"
"11/13/2013","11/13/2013","SC SEAN CAUGHEY","","500.00","2450.38","Completed","31NB      258N331794"
"11/15/2013","11/19/2013","BGC 377865         UKchq","","624.00","3074.38","Completed","31CW      7799100276"
"11/15/2013","11/15/2013","SC 95039240109797","","-500.00","2574.38","Completed","31AQ      5900974276"
"11/18/2013","11/18/2013","BOI Ra Ffood18 Church St 90995229-182955","","-250.00","2324.38","Completed","3970      3090159553"
"11/18/2013","11/18/2013","BOI Ra Ffood18 Church St 90995229-197437","","-100.00","2224.38","Completed","3970      3090162637"
"11/19/2013","11/19/2013","CH 200106","","-150.00","2074.38","Completed","950009    600000"
"11/19/2013","11/19/2013","BOI Ra Ffood18 Church St 90995229-898537","","-200.00","1874.38","Completed","3970      3093348595"
"11/22/2013","11/22/2013","AIB Warrenpoint D653    -751911","","-300.00","1574.38","Completed","3970      3099676763"
"11/22/2013","11/22/2013","CH 200107","","-350.00","1224.38","Completed","31CW      7797700303"
"11/25/2013","11/25/2013","ATM Newry HA8FBC11-935677","","-40.00","1184.38","Completed","3970      3102163643"
"11/27/2013","11/27/2013","64474263 CLOSE-DIGNEY GRA","","-32.68","1151.70","Completed","807324    0EFA9804"
"11/27/2013","11/27/2013","BOI Ra Ffood18 Church St 90995229-759029","","-40.00","1111.70","Completed","3970      3108333265"
"11/28/2013","11/28/2013","RT007616 TSI IRELAND LTD","","-15.91","1095.79","Completed","964633    0F5AAEE0"
"11/28/2013","11/28/2013","BOI Ra Ffood18 Church St 90995229-026813","","-100.00","995.79","Completed","3970      3111026543"
"11/28/2013","11/28/2013","Transfer funds NEIL P MCGUIGAN","","2950.00","3945.79","Completed","31NB      322N333291"
"11/29/2013","11/29/2013","Fees according to advice","","-27.80","3917.99","Completed","31AQ      0900043987"
"11/29/2013","11/29/2013","BOI Ra Ffood18 Church St 90995229-006421","","-100.00","3817.99","Completed","3970      3113402989"
"11/29/2013","11/29/2013","Transfer funds NEIL P MCGUIGAN","","2000.00","5817.99","Completed","31NB      743M333325"
"11/29/2013","11/29/2013","SC SEAN CAUGHEY","","500.00","6317.99","Completed","31NB      233N333332"
"11/29/2013","12/02/2013","NP 95044020035394","","-350.00","5967.99","Completed","31AQ      5911331808"
"11/30/2013","12/02/2013","NP 95044020035394","","-150.00","5817.99","Completed","31AQ      5911499743"
"12/02/2013","12/02/2013","Vanquis","","-750.00","5067.99","Completed","3970      3115177289"
"12/03/2013","12/03/2013","CH 200108","","-2500.00","2567.99","Completed","950009    980000"
"12/04/2013","12/04/2013","65992 NIHE","","305.56","2873.55","Completed","961479    093C5230"
"12/04/2013","12/04/2013","M-T-L 95044030046019","","-30.00","2843.55","Completed","31AQ      5913517845"
"12/05/2013","12/05/2013","CH 200109","","-405.66","2437.89","Completed","950009    200000"
"12/05/2013","12/05/2013","CH 200110","","-554.64","1883.25","Completed","950009    300000"
"12/06/2013","12/06/2013","MTL NI EAST LTD","","500.00","2383.25","Completed","34AS"
"12/06/2013","12/06/2013","MTL NI EAST LTD","","600.00","2983.25","Completed","34AS"
"12/06/2013","12/06/2013","MTL NI EAST LTD","","180.00","3163.25","Completed","34AS"
"12/09/2013","12/09/2013","MJ 98149010166013","","-181.28","2981.97","Completed","950679    10166013"
"12/09/2013","12/09/2013","Capital One Europe","","-200.00","2781.97","Completed","3970      3131226875"
"12/09/2013","12/11/2013","BGC 377867         UKchq","","624.00","3405.97","Completed","31CW      7798700992"
"12/09/2013","12/09/2013","MJ001 MCGUIGAN MJ","","2500.00","5905.97","Completed","34AS"
"12/10/2013","12/10/2013","BOI Ra Ffood18 Church St 90995229-951837","","-200.00","5705.97","Completed","3970      3138214911"
"12/10/2013","12/11/2013","SC 95039240109797","","-500.00","5205.97","Completed","31AQ      5915928227"
"12/12/2013","12/12/2013","BOI Ra Ffood18 Church St 90995229-016522","","-200.00","5005.97","Completed","3970      3141778947"
"12/13/2013","12/13/2013","MJ001 MCGUIGAN MJ","","4250.00","9255.97","Completed","34AS"
"12/13/2013","12/13/2013","SC 95039240109797","","-2000.00","7255.97","Completed","31AQ      5918291090"
"12/13/2013","12/13/2013","DBT.M-T-L Ire Dublin 1 More To Life Ireland Ltd IE24 DABA 9516 6310 0633 39","","-123.00","7132.97","Completed","36AT      5918311150"
"12/16/2013","12/16/2013","Lo Lo Fuels And Agri S","","-200.00","6932.97","Completed","3970      3147701127"
"12/16/2013","12/18/2013","BGC 377868         UKchq","","1920.00","8852.97","Completed","31CW      7797700747"
"12/17/2013","12/17/2013","BOI Ra Ffood18 Church St 90995229-781630","","-200.00","8652.97","Completed","3970      3153602157"
"12/18/2013","12/20/2013","BGC 377869         UKchq","","1128.00","9780.97","Completed","31CW      7797700098"
"12/19/2013","12/19/2013","BOI Ra Ffood18 Church St 90995229-159755","","-100.00","9680.97","Completed","3970      3157997359"
"12/20/2013","12/23/2013","NP 95044020035394","","-633.00","9047.97","Completed","31AQ      5925039754"
"12/23/2013","12/23/2013","BOI Ra Ffood18 Church St 90995229-047410","","-200.00","8847.97","Completed","3970      3164166435"
"12/23/2013","12/23/2013","BOI Ra Ffood18 Church St 90995229-058889","","-150.00","8697.97","Completed","3970      3164168443"
"12/23/2013","12/23/2013","Companies House","","-13.00","8684.97","Completed","3970      3160816683"
"12/23/2013","12/23/2013","Travellers Secrets","","-254.75","8430.22","Completed","3970      3160029521"
"12/23/2013","12/23/2013","BOI Ra Ffood18 Church St 90995229-027452","","-200.00","8230.22","Completed","3970      3167061703"
"12/23/2013","12/23/2013","Lo Lo Fuels And Agri S","","-100.00","8130.22","Completed","3970      3162417099"
"12/23/2013","12/30/2013","BGC 377870         UKchq","","684.00","8814.22","Completed","31CW      7798600693"
"12/23/2013","12/23/2013","CH 200111","","-950.00","7864.22","Completed","31CW      7798600699"
"12/24/2013","12/24/2013","AIB Warrenpoint D653    -563089","","-200.00","7664.22","Completed","3970      3171818071"
"12/24/2013","12/24/2013","SC SEAN CAUGHEY","","2500.00","10164.22","Completed","31NB      599O335894"
"12/30/2013","12/30/2013","RT007616 TSI IRELAND LTD","","-6.06","10158.16","Completed","964633    0AEE3E5C"
"12/30/2013","12/30/2013","64474263 CLOSE-DIGNEY GRA","","-32.68","10125.48","Completed","807324    0C61A393"
"12/30/2013","12/30/2013","Capital One Europe","","-600.00","9525.48","Completed","3970      3169633267"
"12/30/2013","12/30/2013","BOI Ra Ffood18 Church St 90995229-247022","","-200.00","9325.48","Completed","3970      3176245087"
"12/31/2013","12/31/2013","Fees according to advice","","-26.05","9299.43","Completed","31AQ      0900041560"
"12/31/2013","12/31/2013","CH 200112","","-405.66","8893.77","Completed","950009    200000"
"12/31/2013","12/31/2013","MJ 98149010166013","","-551.00","8342.77","Completed","31AQ      5929187191"
"01/02/2014","01/02/2014","65992 NIHE","","305.56","8648.33","Completed","961479    0132A324"
"01/02/2014","01/02/2014","BOI Ra Ffood18 Church St 90995229-855512","","-100.00","8548.33","Completed","3970      3184236979"
"01/02/2014","01/02/2014","Vanquis","","-750.00","7798.33","Completed","3970      3181436227"
"01/03/2014","01/03/2014","CH 200113","","-554.64","7243.69","Completed","950009    300000"
"01/03/2014","01/03/2014","BOI Ra Ffood18 Church St 90995229-100763","","-100.00","7143.69","Completed","3970      3186903997"
"01/06/2014","01/06/2014","BOI Ra Ffood18 Church St 90995229-242504","","-200.00","6943.69","Completed","3970      3191996735"
"01/08/2014","01/08/2014","MJ 98149010166013","","-181.28","6762.41","Completed","950679    10166013"
"01/08/2014","01/08/2014","MTL NI EAST LTD","","500.00","7262.41","Completed","34AS"
"01/08/2014","01/08/2014","MTL NI EAST LTD","","600.00","7862.41","Completed","34AS"
"01/08/2014","01/08/2014","MTL NI EAST LTD","","180.00","8042.41","Completed","34AS"
"01/09/2014","01/09/2014","AIB Buttercrane 1 D740    -832486","","-200.00","7842.41","Completed","3970      3198615617"
"01/14/2014","01/14/2014","BOI Ra Ffood18 Church St 90995229-204402","","-200.00","7642.41","Completed","3970      3207261353"
"01/14/2014","01/14/2014","Omeath Service Station","","-59.58","7582.83","Completed","3970      3205012933"
"01/14/2014","01/16/2014","BGC 377871         UKchq","","624.00","8206.83","Completed","31CW      7798100034"
"01/14/2014","01/14/2014","DBT.M-T-L Ire Dublin 1","","-113.00","8093.83","Completed","36AT      5935108540"
"01/15/2014","01/15/2014","65992 NIHE","","20.00","8113.83","Completed","961479    0E65AA4A"
"01/16/2014","01/16/2014","P & R Wholesale","","-24.00","8089.83","Completed","3970      3208905793"
"01/16/2014","01/20/2014","BGC 377872         UKchq","","792.00","8881.83","Completed","31CW      7797800746"
"01/16/2014","01/16/2014","SC 95039240109797","","-1500.00","7381.83","Completed","31AQ      5936901151"
"01/20/2014","01/20/2014","Companies House","","-1.00","7380.83","Completed","3970      3215343337"
"01/20/2014","01/20/2014","Lo Lo Fuels And Agri S","","-400.00","6980.83","Completed","3970      3214626119"
"01/21/2014","01/21/2014","BOI Ra Ffood18 Church St 90995229-143942","","-250.00","6730.83","Completed","3970      3219437597"
"01/21/2014","01/21/2014","BOI Ra Ffood18 Church St 90995229-389502","","-100.00","6630.83","Completed","3970      3220038243"
"01/21/2014","01/21/2014","Pillbox38uk","","-63.67","6567.16","Completed","3970      3214894267"
"01/21/2014","01/21/2014","MJ 98149010166013","","-250.00","6317.16","Completed","31AQ      5938664907"
"01/23/2014","01/23/2014","Capital One Europe","","-808.05","5509.11","Completed","3970      3222299243"
"01/23/2014","01/23/2014","Capital One Europe","","-155.15","5353.96","Completed","3970      3222305877"
"01/23/2014","01/27/2014","BGC 377873         UKchq","","1080.00","6433.96","Completed","31CW      7799100811"
"01/23/2014","01/23/2014","CH 200114","","-750.00","5683.96","Completed","31CW      7799100812"
"01/24/2014","01/24/2014","SC SEAN CAUGHEY","","1500.00","7183.96","Completed","31NB      606O402481"
"01/27/2014","01/27/2014","64474263 CLOSE-DIGNEY GRA","","-32.68","7151.28","Completed","807324    0856EA1B"
"01/27/2014","01/27/2014","BOI Ra Ffood18 Church St 90995229-728987","","-200.00","6951.28","Completed","3970      3227782905"
"01/27/2014","01/27/2014","Vanquis","","-65.38","6885.90","Completed","3970      3224994787"
"01/27/2014","01/27/2014","BOI Ra Ffood18 Church St 90995229-410278","","-250.00","6635.90","Completed","3970      3228653989"
"01/27/2014","01/27/2014","BOI Ra Ffood18 Church St 90995229-425983","","-100.00","6535.90","Completed","3970      3228657079"
"01/28/2014","01/28/2014","RT007616 TSI IRELAND LTD","","-7.26","6528.64","Completed","964633    09544471"
"01/28/2014","01/28/2014","Southern Regional Coll","","-164.00","6364.64","Completed","3970      3226418799"
"01/28/2014","01/28/2014","Experian","","-2.00","6362.64","Completed","3970      3227400451"
"01/28/2014","01/28/2014","Experian","","-2.00","6360.64","Completed","3970      3227411725"
"01/28/2014","01/28/2014","Experian","","-2.00","6358.64","Completed","3970      3227423607"
"01/28/2014","01/28/2014","Experian","","-2.00","6356.64","Completed","3970      3227433449"
"01/28/2014","01/30/2014","BGC 377874         UKchq","","1140.00","7496.64","Completed","31CW      7799100967"
"01/29/2014","01/29/2014","65992 NIHE","","345.56","7842.20","Completed","961479    09E147AD"
"01/29/2014","01/30/2014","NP 95044020035394","","-633.00","7209.20","Completed","31AQ      5945611517"
"01/30/2014","01/30/2014","AIB Warrenpoint D653    -680792","","-200.00","7009.20","Completed","3970      3236593153"
"01/30/2014","01/30/2014","Experian","","-2.00","7007.20","Completed","3970      3234039599"
"01/31/2014","01/31/2014","Fees according to advice","","-30.15","6977.05","Completed","31AQ      0900118174"
"01/31/2014","01/31/2014","Companies House","","-1.00","6976.05","Completed","3970      3236891221"
"01/31/2014","02/03/2014","MJ 98149010166013","","-605.00","6371.05","Completed","31AQ      5947402863"
"02/03/2014","02/03/2014","BOI Ra Ffood18 Church St 90995229-290197","","-100.00","6271.05","Completed","3970      3240425651"
"02/03/2014","02/03/2014","BOI Ra Ffood18 Church St 90995229-509900","","-100.00","6171.05","Completed","3970      3241505729"
"02/03/2014","02/03/2014","BOI Ra Ffood18 Church St 90995229-386582","","-150.00","6021.05","Completed","3970      3241697083"
"02/03/2014","02/03/2014","AIB Warrenpoint D653    -133794","","-200.00","5821.05","Completed","3970      3242827809"
"02/03/2014","02/03/2014","MTL NI EAST LTD","","1280.00","7101.05","Completed","34AS"
"02/03/2014","02/03/2014","NP 95044020035394","","-500.00","6601.05","Completed","31AQ      5947981439"
"02/03/2014","02/03/2014","trans PATRICK MCGUIGAN","","2500.00","9101.05","Completed","31NB      977N403417"
"02/04/2014","02/04/2014","CH 200117","","-554.64","8546.41","Completed","950009    300000"
"02/04/2014","02/04/2014","CH 200115","","-1000.00","7546.41","Completed","950009    980000"
"02/04/2014","02/04/2014","GB12818487-000003 BT GROUP PLC","","-44.30","7502.11","Completed","954759    02F0E59E"
"02/04/2014","02/04/2014","BOI Ra Ffood18 Church St 90995229-060551","","-100.00","7402.11","Completed","3970      3247238799"
"02/05/2014","02/05/2014","CH 200116","","-405.66","6996.45","Completed","950009    200000"
"02/06/2014","02/06/2014","Companieshouse.Gov","","-13.00","6983.45","Completed","3970      3250016309"
"02/10/2014","02/10/2014","MJ 98149010166013","","-181.28","6802.17","Completed","950679    10166013"
"02/10/2014","02/10/2014","SC 95039240109797","","-2000.00","4802.17","Completed","31AQ      5950911123"
"02/12/2014","02/14/2014","BGC 377875         UKchq","","624.00","5426.17","Completed","31CW      7799100642"
"02/13/2014","02/13/2014","Companieshouse.Gov","","-1.00","5425.17","Completed","3970      3263218747"
"02/14/2014","02/14/2014","PMC 95044031029584","","-600.00","4825.17","Completed","31AQ      5953370606"
"02/18/2014","02/18/2014","BT Bill Payment 3","","-41.93","4783.24","Completed","3970      3267488773"
"02/19/2014","02/19/2014","MJ 98149010166013","","-250.00","4533.24","Completed","31AQ      5955287946"
"02/25/2014","02/25/2014","AIB Warrenpoint D653    -513398","","-250.00","4283.24","Completed","3970      3286141517"
"02/25/2014","02/25/2014","Omeath Service Station","","-54.17","4229.07","Completed","3970      3284163655"
"02/26/2014","02/26/2014","65992 NIHE","","345.56","4574.63","Completed","961479    03412356"
"02/26/2014","02/26/2014","Lo Lo Fuels And Agri S","","-100.00","4474.63","Completed","3970      3286220039"
"02/26/2014","02/28/2014","BGC 262676         UKchq","","816.00","5290.63","Completed","31CW      7799101539"
"02/27/2014","02/27/2014","64474263 CLOSE-DIGNEY GRA","","-32.68","5257.95","Completed","807324    04CAC446"
"02/27/2014","02/27/2014","PEC591389790139131 N5 LTD","","-154.80","5103.15","Completed","427538    0429DBC6"
"02/27/2014","02/27/2014","D.V.L.N.I","","-182.50","4920.65","Completed","3970      3287999537"
"02/27/2014","02/27/2014","SC SEAN CAUGHEY","","2000.00","6920.65","Completed","31NB      664O405830"
"02/28/2014","02/28/2014","Fees according to advice","","-28.10","6892.55","Completed","31AQ      0900042010"
"02/28/2014","02/28/2014","RT007616 TSI IRELAND LTD","","-19.39","6873.16","Completed","964633    05154F43"
"02/28/2014","02/28/2014","M-T-L 95044030046019","","-20.00","6853.16","Completed","31AQ      5964018896"
"02/28/2014","02/28/2014","MJ 98149010166013","","-533.00","6320.16","Completed","31AQ      5964019132"
"02/28/2014","03/03/2014","NP 95044020035394","","-1350.00","4970.16","Completed","31AQ      5964049935"
"03/03/2014","03/03/2014","BOI Ra Ffood18 Church St 90995229-194467","","-100.00","4870.16","Completed","3970      3294564783"
"03/03/2014","03/03/2014","Paypal *2562772736","","-58.91","4811.25","Completed","3970      3289903129"
"03/06/2014","03/06/2014","CH 200120","","-2000.00","2811.25","Completed","950009    980000"
"03/06/2014","03/06/2014","GB12818487-000004 BT GROUP PLC","","-50.52","2760.73","Completed","954759    0F5E55F8"
"03/07/2014","03/07/2014","CH 200119","","-554.64","2206.09","Completed","950009    300000"
"03/07/2014","03/07/2014","CH 200118","","-409.66","1796.43","Completed","950009    200000"
"03/08/2014","03/10/2014","PMC 95044031029584","","-400.00","1396.43","Completed","31AQ      5967165237"
"03/10/2014","03/10/2014","MJ 98149010166013","","-181.28","1215.15","Completed","950679    10166013"
"03/11/2014","03/11/2014","AIB Warrenpoint D653    -480435","","-200.00","1015.15","Completed","3970      3315966659"
"03/11/2014","03/11/2014","Capital One Europe","","-142.46","872.69","Completed","3970      3313341213"
"03/11/2014","03/11/2014","Capital One Europe","","-109.38","763.31","Completed","3970      3313349087"
"03/11/2014","03/11/2014","Vanquis","","-393.63","369.68","Completed","3970      3313371265"
"03/11/2014","03/11/2014","MTL NI EAST LTD","","1280.00","1649.68","Completed","34AS"
"03/12/2014","03/12/2014","R Turner Cars","","-100.00","1549.68","Completed","3970      3315893087"
"03/12/2014","03/12/2014","The Grapevine","","-25.02","1524.66","Completed","3970      3316799659"
"03/13/2014","03/13/2014","R Turner Cars","","-1500.00","24.66","Completed","3970      3318176895"
"03/18/2014","03/18/2014","Transfer funds NEIL P MCGUIGAN","","200.00","224.66","Completed","31NB      070K407777"
"03/18/2014","03/18/2014","trans PATRICK MCGUIGAN","","80.00","304.66","Completed","31NB      384K407777"
"03/19/2014","03/19/2014","PEC591389790139131 N5 LTD","","-154.80","149.86","Completed","427538    090E222B"
"03/19/2014","03/19/2014","trans PATRICK MCGUIGAN","","160.00","309.86","Completed","31NB      259K407867"
"03/19/2014","03/19/2014","MJ 98149010166013","","-250.00","59.86","Completed","31AQ      5972032476"
"03/19/2014","03/21/2014","BGC 262677         UKchq","","624.00","683.86","Completed","31CW      7797801244"
"03/20/2014","03/20/2014","EZBOB PACNET SERVICES","","4925.00","5608.86","Completed","34AS"
"03/20/2014","03/20/2014","BT Bill Payment 1","","-33.98","5574.88","Completed","3970      3330833285"
"03/21/2014","03/21/2014","BOI Ra Ffood18 Church St 90995229-395572","","-250.00","5324.88","Completed","3970      3335506113"
"03/21/2014","03/21/2014","Vanquis","","-10.00","5314.88","Completed","3970      3333397567"
"03/24/2014","03/24/2014","GED25636971 O2","","-19.69","5295.19","Completed","948012    0C9BFE78"
"03/24/2014","03/24/2014","Vanquis","","-160.00","5135.19","Completed","3970      3336851159"
"03/24/2014","03/24/2014","Www.Ezbob.Com","","-5.00","5130.19","Completed","3970      3334289829"
"03/25/2014","03/25/2014","EC REFUND NIGE BO EN C LTD","","36.00","5166.19","Completed","406277    0E05A0DC"
"03/25/2014","03/25/2014","BOI Ra Ffood18 Church St 90995229-502600","","-200.00","4966.19","Completed","3970      3342612421"
"03/25/2014","03/25/2014","BOI Ra Ffood18 Church St 90995229-522317","","-150.00","4816.19","Completed","3970      3342615369"
"03/25/2014","03/25/2014","Capital One Europe","","-20.57","4795.62","Completed","3970      3341217813"
"03/26/2014","03/26/2014","65992 NIHE","","345.56","5141.18","Completed","961479    0E261D96"
"03/27/2014","03/27/2014","CH 200121","","-89.00","5052.18","Completed","950009    980000"
"03/27/2014","03/27/2014","64474263 CLOSE-DIGNEY GRA","","-32.68","5019.50","Completed","807324    0FA541D1"
"03/27/2014","03/27/2014","NP 95044020035394","","-880.39","4139.11","Completed","31AQ      5978986018"
"03/27/2014","03/27/2014","NP 95044020035394","","-250.00","3889.11","Completed","31AQ      5979000237"
"03/27/2014","03/27/2014","PM 95044000045918","","-100.00","3789.11","Completed","31AQ      5979003542"
"03/28/2014","03/28/2014","RT007616 TSI IRELAND LTD","","-14.98","3774.13","Completed","964633    0FC2F6A2"
"03/28/2014","03/28/2014","BOI Ra Ffood18 Church St 90995229-860586","","-250.00","3524.13","Completed","3970      3347897483"
"03/29/2014","03/31/2014","NP 95044020035394","","-650.00","2874.13","Completed","31AQ      5980943115"
"03/31/2014","03/31/2014","Fees according to advice","","-27.05","2847.08","Completed","31AQ      0900040881"
"03/31/2014","04/01/2014","MJ 98149010166013","","-634.00","2213.08","Completed","31AQ      5981594458"
"04/01/2014","04/01/2014","BOI Ra Ffood18 Church St 90995229-626705","","-100.00","2113.08","Completed","3970      3356555681"
"04/02/2014","04/02/2014","MTL NI EAST LTD","","1280.00","3393.08","Completed","34AS"
"04/03/2014","04/03/2014","CH 200123","","-409.66","2983.42","Completed","950009    200000"
"04/03/2014","04/03/2014","GB12818487-000005 BT GROUP PLC","","-52.15","2931.27","Completed","954759    09C5172E"
"04/04/2014","04/04/2014","BOI Ra Ffood18 Church St 90995229-385230","","-200.00","2731.27","Completed","3970      3363152959"
"04/07/2014","04/07/2014","CH 200122","","-554.64","2176.63","Completed","950009    300000"
"04/07/2014","04/07/2014","BOI Ra Ffood18 Church St 90995229-285915","","-200.00","1976.63","Completed","3970      3367798867"
"04/08/2014","04/08/2014","CH 200124","","-36.00","1940.63","Completed","950009    980000"
"04/08/2014","04/08/2014","MJ 98149010166013","","-181.28","1759.35","Completed","950679    10166013"
"04/09/2014","04/09/2014","BT Bill Payment 2","","-33.76","1725.59","Completed","3970      3372345205"
"04/10/2014","04/10/2014","DBT.M-T-L Ire Dublin 1","","-139.71","1585.88","Completed","36AT      5989398275"
"04/13/2014","04/14/2014","SC 95039240109797","","-500.00","1085.88","Completed","31AQ      5991136331"
"04/16/2014","04/16/2014","PEC591389790139131 N5 LTD","","-154.80","931.08","Completed","427538    042F2364"
"04/16/2014","04/22/2014","BGC 262679         UKchq","","624.00","1555.08","Completed","31CW      7798701031"
"04/18/2014","04/18/2014","Transfer funds NEIL P MCGUIGAN","","500.00","2055.08","Completed","31NB      883S410880"
"04/22/2014","04/22/2014","BOI Ra Ffood18 Church St 90995229-089534","","-250.00","1805.08","Completed","3970      3394362349"
"04/22/2014","04/22/2014","BOI Ra Ffood18 Church St 90995229-868366","","-100.00","1705.08","Completed","3970      3395400107"
"04/23/2014","04/23/2014","65992 NIHE","","317.29","2022.37","Completed","961479    0884BDF1"
"04/23/2014","04/23/2014","Www.Ezbob.Com","","-643.78","1378.59","Completed","3970      3397067385"
"04/24/2014","04/24/2014","GED25636971 O2","","-13.20","1365.39","Completed","948012    09A515D4"
"04/24/2014","04/28/2014","BGC 262680         UKchq","","1014.00","2379.39","Completed","36AT      7553800140"
"04/25/2014","04/25/2014","MJ 98149010166013","","-10.00","2369.39","Completed","31AQ      5998108341"
"04/28/2014","04/28/2014","RT007616 TSI IRELAND LTD","","-19.76","2349.63","Completed","964633    0BB06887"
"04/28/2014","04/28/2014","64474263 CLOSE-DIGNEY GRA","","-32.68","2316.95","Completed","807324    0D797E69"
"04/28/2014","04/28/2014","BOI Ra Ffood18 Church St 90995229-507191","","-250.00","2066.95","Completed","3970      3406514143"
"04/29/2014","04/29/2014","Omeath Service Station","","-71.68","1995.27","Completed","3970      3410746103"
"04/29/2014","04/30/2014","NP 95044020035394","","-650.00","1345.27","Completed","31AQ      6001877540"
"04/30/2014","04/30/2014","Fees according to advice","","-27.50","1317.77","Completed","31AQ      0900118949"
"04/30/2014","04/30/2014","M-T-L 95044030046019","","-10.00","1307.77","Completed","31AQ      6002758586"
"04/30/2014","05/01/2014","NP 95044020035394","","-600.00","707.77","Completed","31AQ      6002759914"
"05/01/2014","05/01/2014","201-0127141-001 DELL BANK INTERN","","-395.27","312.50","Completed","439675    0306FB4D"
"05/01/2014","05/01/2014","BGC 262681         Cash","","1000.00","1312.50","Completed","36AT      7553800004"
"05/01/2014","05/01/2014","MTL NI EAST LTD","","1280.00","2592.50","Completed","34AS"
"05/01/2014","05/01/2014","MJ 98149010166013","","-596.00","1996.50","Completed","31AQ      6002959406"
"05/01/2014","05/01/2014","NP 95044020035394","","-750.00","1246.50","Completed","31AQ      6002972592"
"05/02/2014","05/02/2014","SC SEAN CAUGHEY","","500.00","1746.50","Completed","31NB      773K412266"
"05/06/2014","05/06/2014","CH 200126","","-409.66","1336.84","Completed","950009    200000"
"05/06/2014","05/06/2014","GB12818487-000006 BT GROUP PLC","","-51.43","1285.41","Completed","954759    084C3F2A"
"05/06/2014","05/06/2014","Capital One Europe","","-185.35","1100.06","Completed","3970      3422284931"
"05/06/2014","05/06/2014","Capital One Europe","","-77.92","1022.14","Completed","3970      3422309621"
"05/06/2014","05/06/2014","Vanquis","","-123.62","898.52","Completed","3970      3422437691"
"05/07/2014","05/07/2014","CH 200125","","-554.64","343.88","Completed","950009    300000"
"05/08/2014","05/08/2014","MJ 98149010166013","","-181.28","162.60","Completed","950679    10166013"
"05/09/2014","05/13/2014","BGC 262682         UKchq","","624.00","786.60","Completed","31CW      7799100855"
"05/13/2014","05/13/2014","GB12933083-000003 BT GROUP PLC","","-32.16","754.44","Completed","954759    0DEF4349"
"05/13/2014","05/15/2014","BGC 262683         UKchq","","1260.00","2014.44","Completed","31CW      7799101385"
"05/15/2014","05/15/2014","EC REFUND NIGE BO EN C LTD","","72.00","2086.44","Completed","406277    0FB67A86"
"05/15/2014","05/15/2014","M-T-L 95044030046019","","-10.00","2076.44","Completed","31AQ      6009453276"
"05/16/2014","05/16/2014","PEC591389790139131 N5 LTD","","-118.80","1957.64","Completed","427538    013BD508"
"05/16/2014","05/16/2014","MJ 98149010166013","","-250.00","1707.64","Completed","31AQ      6009451989"
"05/19/2014","05/19/2014","Transfer funds NEIL P MCGUIGAN","","300.00","2007.64","Completed","31NB      937J413993"
"05/21/2014","05/21/2014","65992 NIHE","","306.16","2313.80","Completed","961479    03FBFA02"
"05/22/2014","05/22/2014","BOI Ra Ffood18 Church St 90995229-978963","","-200.00","2113.80","Completed","3970      3461074067"
"05/22/2014","05/22/2014","Paypal *protomatter","","-89.00","2024.80","Completed","3970      3457547699"
"05/23/2014","05/23/2014","GED25636971 O2","","-16.41","2008.39","Completed","948012    06F4EA4A"
"05/23/2014","05/23/2014","Www.Ezbob.Com","","-621.92","1386.47","Completed","3970      3458094183"
"05/27/2014","05/27/2014","AIB Warrenpoint D653    -608942","","-250.00","1136.47","Completed","3970      3469114839"
"05/29/2014","05/29/2014","RT007616 TSI IRELAND LTD","","-22.12","1114.35","Completed","964633    0AEA450B"
"05/30/2014","05/30/2014","Fees according to advice","","-18.24","1096.11","Completed","31AQ      0900043238"
"05/30/2014","05/30/2014","MTL NI EAST LTD","","1280.00","2376.11","Completed","34AS"
"05/30/2014","06/02/2014","NP 95044020035394","","-820.00","1556.11","Completed","31AQ      6020514891"
"05/30/2014","06/02/2014","MJ 98149010166013","","-196.00","1360.11","Completed","31AQ      6020517289"
"05/30/2014","05/30/2014","M-T-L 95044030046019","","-840.00","520.11","Completed","31AQ      6020519691"
"05/30/2014","06/02/2014","TeleService 6020520017 MORE TO LIFE IRE","","840.00","1360.11","Completed","31AQ      6020520017"
